@misc{kaggle, title={World Happiness Report}, url={https://www.kaggle.com/unsdsn/world-happiness?select=2019.csv}, journal={Kaggle}, publisher={Sustainable Development Solutions Network}, year={2019}, month={11}} 

@misc{kaiser, title={Kaiser-Meyer-Olkin measure for identity correlation matrix}, url={https://www.ibm.com/support/pages/kaiser-meyer-olkin-measure-identity-correlation-matrix}, journal={IBM}, year={2020}, month={04}} 
